<record><leader>00000cas a22000007a 4500</leader><controlfield tag="001">32377653</controlfield><controlfield tag="008">950427d18491uuumeusr ne      0    0eng d</controlfield><datafield ind1=" " ind2=" " tag="010"><subfield code="a">sn 95067805 </subfield></datafield><datafield ind1=" " ind2=" " tag="040"><subfield code="a">MBN</subfield><subfield code="b">eng</subfield><subfield code="c">MBN</subfield><subfield code="d">OCL</subfield><subfield code="d">OCLCF</subfield><subfield code="d">OCLCO</subfield></datafield><datafield ind1=" " ind2=" " tag="042"><subfield code="a">msc</subfield></datafield><datafield ind1="0" ind2=" " tag="130"><subfield code="a">Common school advocate (Belfast, Me.)</subfield></datafield><datafield ind1="0" ind2="0" tag="245"><subfield code="a">Common school advocate.</subfield></datafield><datafield ind1=" " ind2=" " tag="260"><subfield code="a">Belfast, Me. :</subfield><subfield code="b">George B. Moore &amp; Co.,</subfield></datafield><datafield ind1=" " ind2=" " tag="300"><subfield code="a">v.</subfield></datafield><datafield ind1=" " ind2=" " tag="310"><subfield code="a">Semimonthly</subfield></datafield><datafield ind1="0" ind2=" " tag="362"><subfield code="a">Vol. 2, no. 1 (May 15, 1849)-</subfield></datafield><datafield ind1=" " ind2="0" tag="651"><subfield code="a">Belfast (Me.)</subfield><subfield code="v">Newspapers.</subfield></datafield><datafield ind1=" " ind2="7" tag="655"><subfield code="a">Newspapers.</subfield><subfield code="2">fast</subfield><subfield code="0">(OCoLC)fst01423814</subfield></datafield><datafield ind1=" " ind2="7" tag="651"><subfield code="a">Maine</subfield><subfield code="z">Belfast.</subfield><subfield code="2">fast</subfield><subfield code="0">(OCoLC)fst01223538</subfield></datafield><datafield ind1=" " ind2=" " tag="752"><subfield code="a">United States</subfield><subfield code="b">Maine</subfield><subfield code="c">Waldo</subfield><subfield code="d">Belfast.</subfield></datafield><datafield ind1="0" ind2="0" tag="780"><subfield code="t">Maine common school advocate</subfield><subfield code="w">sn 95067804</subfield></datafield></record>